
  @book{marketing_social_web,
   author       = {WEBER, LARRY.},
   title        = {Marketing to the social web: how digital customer communities build your business.},
   publisher    = {Wiley},
   year         = {2007},
   pages        = {5}
  }
  @article{bemerslee2001sw,
    title       = {{The semantic web}},
    author      = {Bemers-Lee, T.; Hendler, J.; Lassila, O.},
    journal     = {Scientific American},
    volume      = {284},
    number      = {5},
    pages       = {34--43},
    year        = {2001}
  }

  @article{gruber1993tap,
    title       = {{A translation approach to portable ontology specifications}},
    author      = {Gruber, T.R.},
    journal     = {Knowledge acquisition},
    volume      = {5},
    pages       = {199--199},
    year        = {1993},
    publisher   = {Citeseer}
  }
  
  
  @misc{gruber2008oed,
    title       = {{Ontology, Encyclopedia of Database Systems}},
    author      = {Gruber, T.},
    year        = {2008},
    publisher   = {L. Liu; MT {\"O}zsu, Springer-Verlag}
  }

  @article{Harmelen04,
    title       = {{OWL web ontology language overview}},
    author      = {Van Harmelen, F.; McGuinness, D.L.},
    journal     = {W3C recommendation, W3C, Feb},
    year        = {2004}
  }

  @article{Resnick97,
   author       = {Resnick, Paul; Varian, Hal R.},
   title        = {Recommender systems},
   journal      = {Commun. ACM},
   volume       = {40},
   number       = {3},
   year         = {1997},
   issn         = {0001-0782},
   pages        = {56--58},
   doi          = {http://doi.acm.org/10.1145/245108.245121},
   publisher    = {ACM},
   address      = {New York, NY, USA},
   }

  @article{Herlocker04,
   author       = {Herlocker, Jonathan L.; Konstan, Joseph A.; Terveen, Loren G.; Riedl, John T.},
   title        = {Evaluating collaborative filtering recommender systems},
   journal      = {ACM Trans. Inf. Syst.},
   volume       = {22},
   number       = {1},
   year         = {2004},
   issn         = {1046-8188},
   pages        = {5--53},
   doi          = {http://doi.acm.org/10.1145/963770.963772},
   publisher    = {ACM},
   address      = {New York, NY, USA},
   }

  @article{Goldberg92,
   author       = {Goldberg, David; Nichols, David; Oki, Brian M.; Terry, Douglas},
   title        = {Using collaborative filtering to weave an information tapestry},
   journal      = {Commun. ACM},
   volume       = {35},
   number       = {12},
   year         = {1992},
   issn         = {0001-0782},
   pages        = {61--70},
   doi          = {http://doi.acm.org/10.1145/138859.138867},
   publisher    = {ACM},
   address      = {New York, NY, USA},
   }


   @article{Balabanovi97,
   author       = {Balabanovi\'{c}, Marko; Shoham, Yoav},
   title        = {Fab: content-based, collaborative recommendation},
   journal      = {Commun. ACM},
   volume       = {40},
   number       = {3},
   year         = {1997},
   issn         = {0001-0782},
   pages        = {66--72},
   doi          = {http://doi.acm.org/10.1145/245108.245124},
   publisher    = {ACM},
   address      = {New York, NY, USA},
   }

  @inproceedings{Hill95,
   author       = {Hill, Will; Stead, Larry; Rosenstein, Mark; Furnas, George},
   title        = {Recommending evaluating choices in a virtual community of use},
   booktitle    = {CHI '95: Proceedings of the SIGCHI conference on Human factors in computing systems},
   year         = {1995},
   isbn         = {0-201-84705-1},
   pages        = {194--201},
   location     = {Denver, Colorado, United States},
   doi          = {http://doi.acm.org/10.1145/223904.223929},
   publisher    = {ACM Press/Addison-Wesley Publishing Co.},
   address      = {New York, NY, USA},
   }

  @article{Malone87,
   author       = {Malone, Thomas W.; Grant, Kenneth R.; Turbak, Franklyn A.; Brobst, Stephen A.; Cohen, Michael D.},
   title        = {Intelligent information-sharing systems},
   journal      = {Commun. ACM},
   volume       = {30},
   number       = {5},
   year         = {1987},
   issn         = {0001-0782},
   pages        = {390--402},
   doi          = {http://doi.acm.org/10.1145/22899.22903},
   publisher    = {ACM},
   address      = {New York, NY, USA},
   }

  @INPROCEEDINGS{Pazzani96syskill,
      author    = {Michael Pazzani; Jack Muramatsu; Daniel Billsus},
      title     = {Syskill & Webert: Identifying interesting web sites},
      booktitle = {In Proceedings of the Thirteenth National Conference on Artificial Intelligence},
      year      = {1996},
      pages     = {54--61},
      publisher = {AAAI Press}
  }

  @inproceedings{Breese98,
  	address      = {San Francisco},
  	author       = {Breese, John  S. ; Heckerman, David  ; Kadie, Carl  },
  	booktitle    = {Proceedings of the Fourteenth Conference on Uncertainty in Artificial Intelligence (UAI-98)},
  	keywords     = {collaborative, filtering},
  	pages        = {43--52},
  	publisher    = {Morgan Kaufmann},
  	title        = {Empirical Analysis of Predictive Algorithms for Collaborative Filtering},
  	year         = {1998}
  }

  @inproceedings{Massa07,
   author       = {Massa, Paolo; Avesani, Paolo},
   title        = {Trust-aware recommender systems},
   booktitle    = {RecSys '07: Proceedings of the 2007 ACM conference on Recommender systems},
   year         = {2007},
   isbn         = {978-1-59593-730--8},
   pages        = {17--24},
   location     = {Minneapolis, MN, USA},
   doi          = {http://doi.acm.org/10.1145/1297231.1297235},
   publisher    = {ACM},
   address      = {New York, NY, USA},
 }

 @conference{burke2009fmm,
   title        = {{Feed me: motivating newcomer contribution in social network sites}},
   author       = {Burke, M. and Marlow, C. and Lento, T.},
   booktitle    = {Proceedings of the 27th international conference on Human factors in computing systems},
   pages        = {945--954},
   year         = {2009},
   organization = {ACM New York, NY, USA}
 }

@conference{bonhard2007devil,
  title         = {{" The devil you know knows best": how online recommendations can benefit from social networking}},
  author        = {Bonhard, P. and Sasse, M.A. and Harries, C.},
  booktitle     = {Proceedings of the 21st British CHI Group Annual Conference on HCI 2007: People and Computers XXI: HCI... but not as we know it-Volume 1},
  pages         = {77--86},
  year          = {2007},
  organization  = {British Computer Society Swinton, UK, UK}
}

@inproceedings{sarwar01,
 author         = {Sarwar, Badrul and Karypis, George and Konstan, Joseph and Reidl, John},
 title          = {Item-based collaborative filtering recommendation algorithms},
 booktitle      = {WWW '01: Proceedings of the 10th international conference on World Wide Web},
 year           = {2001},
 isbn           = {1-58113-348-0},
 pages          = {285--295},
 location       = {Hong Kong, Hong Kong},
 doi            = {http://doi.acm.org/10.1145/371920.372071},
 publisher      = {ACM},
 address        = {New York, NY, USA},
 }

@conference{sabater2001regret,
  title         = {{REGRET: reputation in gregarious societies}},
  author        = {Sabater, J. and Sierra, C.},
  booktitle     = {Proceedings of the fifth international conference on Autonomous agents},
  pages         = {194--195},
  year          = {2001},
  organization  = {ACM New York, NY, USA}
}

@book{557458,
 author         = {Beck, Kent and Fowler, Martin},
 title          = {Planning Extreme Programming},
 year           = {2000},
 isbn           = {0201710919},
 publisher      = {Addison-Wesley Longman Publishing Co., Inc.},
 address        = {Boston, MA, USA},
 }
 
@misc{burbeck1992applications,
 title        = {{Applications Programming in Smalltalk-80: How to use Model-View-Controller (MVC)}},
 author       = {Burbeck, S.},
 year         = {1992},
 publisher    = {Softsmarts, Inc.}
}

@misc{hansson2006convention,
  title={{Convention Over Configuration}},
  author={Hansson, D.H. and Heinemeier, D.},
  year={2006},
  publisher={Retrieved March}
}

@article{hunt-don,
  title={{Donâ€™t Repeat Yourself}},
  author={Hunt, A. and Thomas, D.},
  journal={The Pragmatic Programmer}
}

@book{fowler1999refactoring,
  title={{Refactoring: improving the design of existing code}},
  author={Fowler, M. and Beck, K.},
  year={1999},
  publisher={Addison-Wesley Professional}
}
